<record><leader>00000cas a22000007a 4500</leader><controlfield tag="001">42371105</controlfield><controlfield tag="008">990915d191019uuncuwr ne      0    0eng d</controlfield><datafield ind1=" " ind2=" " tag="010"><subfield code="a">sn 99061539 </subfield></datafield><datafield ind1=" " ind2=" " tag="040"><subfield code="a">NVJ</subfield><subfield code="b">eng</subfield><subfield code="c">NVJ</subfield><subfield code="d">OCLCQ</subfield><subfield code="d">OCLCF</subfield><subfield code="d">OCLCO</subfield></datafield><datafield ind1=" " ind2=" " tag="042"><subfield code="a">msc</subfield></datafield><datafield ind1=" " ind2=" " tag="043"><subfield code="a">n-us-nc</subfield></datafield><datafield ind1="0" ind2=" " tag="130"><subfield code="a">News reporter (Richfield, N.C.)</subfield></datafield><datafield ind1="1" ind2="4" tag="245"><subfield code="a">The news reporter.</subfield></datafield><datafield ind1=" " ind2=" " tag="260"><subfield code="a">Richfield, N.C. :</subfield><subfield code="b">W.F. Hunsucker</subfield></datafield><datafield ind1=" " ind2=" " tag="300"><subfield code="a">v.</subfield></datafield><datafield ind1=" " ind2=" " tag="310"><subfield code="a">Weekly</subfield></datafield><datafield ind1=" " ind2=" " tag="588"><subfield code="a">Description based on: Vol. 2, no. 19 (May 25, 1911).</subfield></datafield><datafield ind1=" " ind2="0" tag="651"><subfield code="a">Richfield (N.C.)</subfield><subfield code="v">Newspapers.</subfield></datafield><datafield ind1=" " ind2="0" tag="651"><subfield code="a">Stanly County (N.C.)</subfield><subfield code="v">Newspapers.</subfield></datafield><datafield ind1=" " ind2="7" tag="655"><subfield code="a">Newspapers.</subfield><subfield code="2">fast</subfield><subfield code="0">(OCoLC)fst01423814</subfield></datafield><datafield ind1=" " ind2="7" tag="651"><subfield code="a">North Carolina</subfield><subfield code="z">Richfield.</subfield><subfield code="2">fast</subfield><subfield code="0">(OCoLC)fst01268703</subfield></datafield><datafield ind1=" " ind2="7" tag="651"><subfield code="a">North Carolina</subfield><subfield code="z">Stanly County.</subfield><subfield code="2">fast</subfield><subfield code="0">(OCoLC)fst01213844</subfield></datafield><datafield ind1=" " ind2=" " tag="752"><subfield code="a">United States</subfield><subfield code="b">North Carolina</subfield><subfield code="c">Stanly</subfield><subfield code="d">Richfield.</subfield></datafield></record>